%bib1

%bib2
@article{Auger-2015,
author = {Auger, Nicolas and Nicaud, Cyril and Pivoteau, Carine},
year = {2015},
month = {November},
pages = {},
title = {Merge Strategies: from Merge Sort to TimSort}
}
@article{Auger-2019,
      title={On the Worst-Case Complexity of TimSort}, 
      author={Nicolas Auger and Vincent Jugé and Cyril Nicaud and Carine Pivoteau},
      year={2019},
      eprint={1805.08612},
      archivePrefix={arXiv},
      primaryClass={cs.DS}
}
%bib3
@article{Cook-et-al:1980,
author = {Cook, Curtis R. and Kim, Do Jin},
title = {Best Sorting Algorithm for Nearly Sorted Lists},
year = {1980},
issue_date = {Nov. 1980},
publisher = {Association for Computing Machinery},
address = {New York, NY, USA},
volume = {23},
number = {11},
issn = {0001-0782},
url = {https://doi.org/10.1145/359024.359026},
doi = {10.1145/359024.359026},
journal = {Commun. ACM},
month = {nov},
pages = {620–624},
numpages = {5},
keywords = {insertion sort, Shellsort, merge sort, sorting effort measures, heap-sort, sorting, Quickersort}
}
%bib4
@article{prajapati-2017,
  title={Performance comparison of different sorting algorithms},
  author={Prajapati, Purvi and Bhatt, Nikita and Bhatt, Nirav},
  journal={vol. VI, no. Vi},
  pages={39--41},
  year={2017}
}
%bib5
@phdthesis{Mishra-2018,
author = {Mishra, aditya dev},
year = {2018},
month = {04},
pages = {},
title = {selection of best sorting algorithm}
}
%bib5
@misc{peters2015TimSort,
  author = {Tim Peters},
  title = {Timsort description},
  howpublished = {\url{http://svn.python.org/projects/python/trunk/Objects/listsort.txt}},
  note = {Accessed June 2015},
  year = {2015}
}


@inproceedings{gouw-java,
author = {Gouw, S. and Rot, Jurriaan and Boer, Frank and Bubel, Richard and Hähnle, Reiner},
year = {2015},
month = {07},
pages = {273-289},
title = {OpenJDK’s Java.utils.Collection.sort() Is Broken: The Good, the Bad and the Worst Case},
isbn = {978-3-319-21689-8},
doi = {10.1007/978-3-319-21690-4_16}
}


@incollection{Knuth-StInsertion,
    crossref = {Knuth},
    title = {Volume-3: Sorting and Searching},
    author = {Knuth, Donald E.},
    pages = {80}
}

@incollection{Knuth-Merge,
    crossref = {Knuth},
    title = {Volume-3: Sorting and Searching},
    author = {Knuth, Donald E.},
    pages = {160}
}
@incollection{Knuth-Selection,
    crossref = {Knuth},
    title = {Volume-3: Sorting and Searching},
    author = {Knuth, Donald E.},
    pages = {138--158}
}
@book{Knuth,
    author = {Knuth, Donald Erwin},
    booktitle = {The Art of Computer Programming},
    edition = {2nd},
    publisher = {Addison-Wesley},
    year = {1998}
}

@article{quicker,
author = {Scowen, R. S.},
title = {Algorithm 271: quickersort},
year = {1965},
issue_date = {Nov. 1965},
publisher = {Association for Computing Machinery},
address = {New York, NY, USA},
volume = {8},
number = {11},
issn = {0001-0782},
url = {https://doi.org/10.1145/365660.365678},
doi = {10.1145/365660.365678},
journal = {Commun. ACM},
month = {nov},
pages = {669–670},
numpages = {2}
}

% mybib2.bib
article{Datta-Figueira-2013,
author = {Dilip Datta and Jos\’e Rui Figueira},
title = {{A real-integer-discrete-coded differential evolution}},
journal = {Applied Soft Computing},
volume = {13},
number = {9},
pages = {3884--3893},
year = {2013}
}
book{Deb-2001,
author = {Kalyanmoy Deb},
title = {{Multi-Objective Optimization using Evolutionary Algorithms}},
publisher = {John Wiley \& Sons Ltd.},
address = {Chichester, England},
year = {2001}
}
inproceedings{Burke-etal-1996,
author = {Edmund Burke and Dave Elliman and Peter Ford Rupert Weare},
title = {{Examination Timetabling in British Universities - A Survey}},
booktitle = {Proceedings of Practice and Theory of Automated Timetabling},
publisher = {Springer},
series = {Lecture Notes in Computer Science (LNCS)},
editor = {Edmund K. Burke and Peter Ross},
year = {1996},
volume = {1153},
pages = {76--90}
}
mastersthesis{Datta-1998,
author = {Dilip Datta},
title = {{Optimal Shape Design System for Plates under Dynamic Loads}},
school = {Indian Institute of Technology, Delhi},
month = {December},
year = {1998},
note = {Master thesis}
}
techreport{Colorni-etal-1992,
author = {Alberto Colorni and Marco Dorigo and Vittorio Maniezzo},
title = {{A Genetic Algorithm to Solve the Timetable Problem}},
number = {90-060 revised},
institution = {Politecnico di Milano, Italy},
year = {1992}
}